@misc{hakusyo,
    author       = {総務省},
    title = {令和3年版情報通信白書}
    howpublished = {https://www.soumu.go.jp/johotsusintokei/whitepaper/ja/r03/html/XXXXXX.html}
}
@misc{doukou
author={総務省},
title={通信利用動向調査},
howpublished={https://www.soumu.go.jp/johotsusintokei/statistics/statistics05a.html}
}
@book{shackel1991human,
  title={Human factors for informatics usability},
  author={Shackel, Brian and Richardson, Simon J},
  year={1991},
  publisher={Cambridge university press}
}  
@book{kurosu,
title={UX原論 : ユーザビリティからUXへ},
author={黒須正明},
publisher={近代科学社},
year={2020}
}

@book{nielsen2002,
  title={ユーザビリティエンジニアリング原論: ユーザーのためのインタフェースデザイン},
  author={ニールセンヤコブ},
  isbn={9784501532000},
  series={情報デザインシリーズ},
  url={https://books.google.co.jp/books?id=8O63-TAVFLIC},
  year={2002},
  publisher={東京電機大学出版局}
}

@misc{nielsen2005,
  title={Ten usability heuristics},
  author={Nielsen, Jakob},
  year={2005},
  publisher={http://www. nngroup. com/articles/ten-usability-heuristics/(acc-essed~…}
}

@book{kurosu2013,
  title={人間中心設計の基礎},
  isbn={9784764904439},
  series={HCDライブラリー},
  url={https://books.google.co.jp/books?id=9F1SnQEACAAJ},
  year={2013},
  publisher={近代科学社}
}

@book{tullis2014,
  title={ユーザーエクスペリエンスの測定: UXメトリクスの理論と実践},
  author={Tullis, T.S. and Albert, W. and ソシオメディア},
  isbn={9784501552909},
  series={情報デザインシリーズ},
  url={https://books.google.co.jp/books?id=tAYXogEACAAJ},
  year={2014},
  publisher={東京電機大学出版局}
}

@book{jordan2000designing,
  title={Designing pleasurable products: An introduction to the new human factors},
  author={Jordan, Patrick W},
  year={2000},
  publisher={CRC press}
}

@article{kurosu2015,
   author	 = {黒須,正明},
   title	 = {UXの概念─プラクティス論文としての解説─},
   journal	 = {デジタルプラクティス},
   year 	 = {2015},
   volume	 = {6},
   number	 = {4},
   pages	 = {249-254},
   month	 = {oct}
}
